<?xml version="1.0" encoding="UTF-8" ?>
<collection xmlns:xsi="http://www.w3.org/2001/XMLSchema-instance"
    xsi:schemaLocation="http://www.loc.gov/MARC21/slim
        http://www.loc.gov/standards/marcxml/schema/MARC21slim.xsd"
    xmlns="http://www.loc.gov/MARC21/slim">
<record>
  <leader>00257nam a2200493 ia4500</leader>
  <controlfield tag="001">b19227309</controlfield>
  <controlfield tag="003">LeBAU</controlfield>
  <controlfield tag="005">20170824</controlfield>
  <controlfield tag="008">170824s1955    ir            ||0 0 ara d</controlfield>
  <datafield tag="040" ind1=" " ind2=" ">
    <subfield code="a">LEAUB</subfield>
    <subfield code="b">ara</subfield>
    <subfield code="e">rda</subfield>
    <subfield code="c">LEAUB</subfield>
  </datafield>
  <datafield tag="082" ind1="0" ind2="4">
    <subfield code="a">297.207</subfield>
    <subfield code="2">20</subfield>
  </datafield>
  <datafield tag="100" ind1="1" ind2=" ">
    <subfield code="6">880-01</subfield>
    <subfield code="a">Baḥrānī, Hāshim ibn Sulaymān,</subfield>
    <subfield code="d">-approximately 1696,</subfield>
    <subfield code="e">author.</subfield>
  </datafield>
  <datafield tag="245" ind1="1" ind2="0">
    <subfield code="6">880-02</subfield>
    <subfield code="a">Kitāb al-burhān fī tafsīr al-Qur’ān /</subfield>
    <subfield code="c">li-mu’allifihi al-‘allāmah al-thiqah al-thabt al-muḥaddith al-khabīr wa-al-nāqid al-baṣīr al-Sayyid Hāshim ibn al-Sayyid Sulaymān ibn Sayyid Ismā‘īl ibn Sayyid ‘Abd al-Jawād al-Ḥusaynī al-Baḥrānī al-Tūbalī al-Katakānī, al-mutawaffá fī sanat 1107 aw 1109 ; waqafa ‘alá taṣḥīḥihi Maḥmūd ibn Ja‘far al-Mūsawī al-Zarandī bi-mu‘āwanat al-ṣāliḥ al-Shaykh Najá Allāh al-Tafrashī al-Bāzirjānī.</subfield>
  </datafield>
  <datafield tag="246" ind1="3" ind2="0">
    <subfield code="6">880-03</subfield>
    <subfield code="a">Burhān fī tafsīr al-Qur’ān</subfield>
  </datafield>
  <datafield tag="250" ind1=" " ind2=" ">
    <subfield code="6">880-04</subfield>
    <subfield code="a">al-Ṭab‘ah al-thānīyah.</subfield>
  </datafield>
  <datafield tag="264" ind1=" " ind2="1">
    <subfield code="6">880-05</subfield>
    <subfield code="a">Tihrān :</subfield>
    <subfield code="b">Chāpkhānah-i Birādarān-i ʻIlmī,</subfield>
    <subfield code="c">1375 H., [1955? M.]</subfield>
  </datafield>
  <datafield tag="300" ind1=" " ind2=" ">
    <subfield code="6">880-06</subfield>
    <subfield code="a">4 volumes ;</subfield>
    <subfield code="c">34 cm</subfield>
  </datafield>
  <datafield tag="336" ind1=" " ind2=" ">
    <subfield code="a">text</subfield>
    <subfield code="b">txt</subfield>
    <subfield code="2">rdacontent</subfield>
  </datafield>
  <datafield tag="337" ind1=" " ind2=" ">
    <subfield code="a">unmediated</subfield>
    <subfield code="b">n</subfield>
    <subfield code="2">rdamedia</subfield>
  </datafield>
  <datafield tag="338" ind1=" " ind2=" ">
    <subfield code="a">volume</subfield>
    <subfield code="b">nc</subfield>
    <subfield code="2">rdacarrier</subfield>
  </datafield>
  <datafield tag="500" ind1=" " ind2=" ">
    <subfield code="a">"طبع على نفقة الصالح الوفي المخلص الصفي خادم أحاديث الأئمة المعصومين الحاج أبو القاسم بن محمد تقي المشتهر بالسالك."</subfield>
  </datafield>
  <datafield tag="590" ind1=" " ind2=" ">
    <subfield code="a">في المكتبة: المجلد 2.</subfield>
  </datafield>
  <datafield tag="630" ind1="0" ind2="4">
    <subfield code="a">قرآن</subfield>
    <subfield code="x">تفسير وتأويل</subfield>
    <subfield code="v">اعمال قديمة حتى 1800.</subfield>
  </datafield>
  <datafield tag="630" ind1="0" ind2="0">
    <subfield code="a">Qur'an</subfield>
    <subfield code="x">Hermeneutics</subfield>
    <subfield code="v">Early works to 1800.</subfield>
  </datafield>
  <datafield tag="700" ind1="1" ind2=" ">
    <subfield code="6">880-07</subfield>
    <subfield code="a">Mūsawī al-Zarandī, Maḥmūd ibn Jaʻfar,</subfield>
    <subfield code="e">corrector.</subfield>
  </datafield>
  <datafield tag="700" ind1="1" ind2=" ">
    <subfield code="6">880-08</subfield>
    <subfield code="a">Tafrishī, Najī Allāh ibn Karīm Allāh,</subfield>
    <subfield code="e">corrector.</subfield>
  </datafield>
  <datafield tag="775" ind1="0" ind2=" ">
    <subfield code="6">880-09</subfield>
    <subfield code="t">Kitāb al-burhān fī tafsīr al-Qur’ān.</subfield>
    <subfield code="b">al-Ṭab‘ah al-thānīyah</subfield>
    <subfield code="d">Tihrān : Chāpʹkhānah-i Āfatāb, 375 H., [1955? M.]</subfield>
    <subfield code="g">volume 1, 4</subfield>
    <subfield code="w">(OCoLC)784507978</subfield>
    <subfield code="w">b1276615x</subfield>
    <subfield code="w">(OCoLC)784507978</subfield>
  </datafield>
  <datafield tag="775" ind1="0" ind2=" ">
    <subfield code="6">880-10</subfield>
    <subfield code="t">Kitāb al-burhān fī tafsīr al-Qur’ān.</subfield>
    <subfield code="b">al-Ṭab‘ah al-thānīyah</subfield>
    <subfield code="d">Tihrān : Chāpkhānah-i Islāmīyah, 375 H., [1955? M.]</subfield>
    <subfield code="g">volume 3</subfield>
    <subfield code="w">b19227413</subfield>
  </datafield>
  <datafield tag="775" ind1="0" ind2=" ">
    <subfield code="6">880-11</subfield>
    <subfield code="t">Kitāb al-burhān fī tafsīr al-Qur’ān.</subfield>
    <subfield code="b">al-Ṭab‘ah al-thālithah</subfield>
    <subfield code="d">Qum : al-Maṭba‘ah al-‘Ilmīyah, 1393 H., [1973? M.]</subfield>
    <subfield code="w">b19227498</subfield>
  </datafield>
  <datafield tag="852" ind1=" " ind2=" ">
    <subfield code="a">Jafet Library</subfield>
    <subfield code="e">American University of Beirut, Bliss Street , Beirut, Lebanon.</subfield>
  </datafield>
  <datafield tag="880" ind1="1" ind2=" ">
    <subfield code="6">100-01/(3/r</subfield>
    <subfield code="a">البحراني، هاشم بن سليمان،</subfield>
    <subfield code="d">-حوالي 1696،</subfield>
    <subfield code="e">مؤلف. </subfield>
    <subfield code="4">aut.</subfield>
  </datafield>
  <datafield tag="880" ind1="1" ind2="0">
    <subfield code="6">245-02/(3/r</subfield>
    <subfield code="a">كتاب البرهان في تفسير القرآن /</subfield>
    <subfield code="c">لمؤلفه العلامة الثقة الثبت المحدث الخبير والناقد البصير السيد هاشم بن السيد سليمان بن سيد إسماعيل بن سيد عبد الجواد الحسيني البحراني التوبلي الكتكاني، المتوفى في سنة 1107 أو 1109 ؛ وقف على تصحيحه محمود بن جعفر الموسوي الزرندي بمعاونة الصالح الشيخ نجى الله التفرشي البازرجاني.</subfield>
  </datafield>
  <datafield tag="880" ind1="3" ind2="0">
    <subfield code="6">246-03/(3/r</subfield>
    <subfield code="a">البرهان في تفسير القرآن</subfield>
  </datafield>
  <datafield tag="880" ind1=" " ind2=" ">
    <subfield code="6">250-04/(3/r</subfield>
    <subfield code="a">الطبعة الثانية.</subfield>
  </datafield>
  <datafield tag="880" ind1=" " ind2="1">
    <subfield code="6">264-05/(3/r</subfield>
    <subfield code="a">تهران :</subfield>
    <subfield code="b">چاپخانه برادران علمي،</subfield>
    <subfield code="c">1375 [هـ.]، [1955؟ م.]</subfield>
  </datafield>
  <datafield tag="880" ind1=" " ind2=" ">
    <subfield code="6">300-06/(3/r</subfield>
    <subfield code="a">4 مجلدات ؛</subfield>
    <subfield code="c">34 سم</subfield>
  </datafield>
  <datafield tag="880" ind1="1" ind2=" ">
    <subfield code="6">700-07/(3/r</subfield>
    <subfield code="a">الموسوي الزرندي، محمود بن جعفر،</subfield>
    <subfield code="e">مصحح. </subfield>
    <subfield code="4">crr.</subfield>
  </datafield>
  <datafield tag="880" ind1="1" ind2=" ">
    <subfield code="6">700-08/(3/r</subfield>
    <subfield code="a">التفرشي، نجى الله بن كريم الله،</subfield>
    <subfield code="e">مصحح. </subfield>
    <subfield code="4">crr.</subfield>
  </datafield>
  <datafield tag="880" ind1="0" ind2=" ">
    <subfield code="6">775-09/(3/r</subfield>
    <subfield code="t">كتاب البرهان في تفسير القرآن.</subfield>
    <subfield code="b">الطبعة الثانية</subfield>
    <subfield code="d">تهران : چاپخانه آفتاب، 1375 هـ.، [1955؟ م.]</subfield>
    <subfield code="g">الجزء 1، 4</subfield>
    <subfield code="w">b1276615x</subfield>
    <subfield code="w">(OCoLC)784507978</subfield>
  </datafield>
  <datafield tag="880" ind1="0" ind2=" ">
    <subfield code="6">775-10/(3/r</subfield>
    <subfield code="t">كتاب البرهان في تفسير القرآن.</subfield>
    <subfield code="b">الطبعة الثانية</subfield>
    <subfield code="d">تهران : چاپخانه اسلامية، 1375 هـ.، [1955؟ م.]</subfield>
    <subfield code="g">الجزء 3</subfield>
    <subfield code="w">b19227413</subfield>
  </datafield>
  <datafield tag="880" ind1="0" ind2=" ">
    <subfield code="6">775-11/(3/r</subfield>
    <subfield code="t">كتاب البرهان في تفسير القرآن.</subfield>
    <subfield code="b">الطبعة الثالثة</subfield>
    <subfield code="d">قم، المطبعة العلمية، 1393 [هـ.]، [1973؟ م.]</subfield>
    <subfield code="w">b19227498</subfield>
  </datafield>
  <datafield tag="907" ind1=" " ind2=" ">
    <subfield code="a">.b19227309</subfield>
    <subfield code="b">17-09-06</subfield>
    <subfield code="c">17-08-24</subfield>
  </datafield>
  <datafield tag="945" ind1=" " ind2=" ">
    <subfield code="f">F</subfield>
    <subfield code="a">297.207:B15bA:v.2:c.1</subfield>
    <subfield code="i">01065254</subfield>
    <subfield code="j">.i13342678</subfield>
    <subfield code="l">u0504</subfield>
  </datafield>
  <datafield tag="998" ind1=" " ind2=" ">
    <subfield code="a">u05</subfield>
    <subfield code="b">17-08-24</subfield>
    <subfield code="c">m</subfield>
    <subfield code="d">a</subfield>
    <subfield code="e">-</subfield>
    <subfield code="f">ara</subfield>
    <subfield code="g">ir </subfield>
    <subfield code="h">0</subfield>
    <subfield code="i">0</subfield>
  </datafield>
</record>
</collection>
